
@inproceedings{Xavier_pmlr-v9-glorot10a,
  title = 	 {Understanding the difficulty of training deep feedforward neural networks},
  author = 	 {Glorot, Xavier and Bengio, Yoshua},
  booktitle = {Proceedings of the Thirteenth International Conference on Artificial Intelligence and Statistics},
  pages = 	 {249--256},
  year = 	 {2010},
  publisher =    {PMLR},
}

@inproceedings{wu2021trainingNI,
	title     = {A training-free genetic neural architecture search},
	author    = {Wu, Meng-Ting and Lin, Hung-I and Tsai, Chun-Wei},
	booktitle = {Proceedings of the 2021 ACM International Conference on Intelligent Computing and its Emerging Applications},
	pages     = {65--70},
	year      = {2022}
}

@article{stanley2002evolving,
  title={Evolving neural networks through augmenting topologies},
  author={Stanley, Kenneth O and Miikkulainen, Risto},
  journal={Evolutionary computation},
  volume={10},
  pages={99--127},
  year={2002},
}
@inproceedings{NDE_Karl_10.1145/3067695.3075967,
  author = {Mason, Karl and Duggan, Jim and Howley, Enda},
  title = {Neural network topology and weight optimization through neuro differential evolution},
  year = {2017},
  booktitle = {Proceedings of the Genetic and Evolutionary Computation Conference Companion},
  pages = {213–214},
}

@inproceedings{NN_GA_DavidJ_10.5555/1623755.1623876,
  author = {Montana, David J. and Davis, Lawrence},
  title = {Training feedforward neural networks using genetic algorithms},
  year = {1989},
  booktitle = {Proceedings of the 11th International Joint Conference on Artificial Intelligence - Volume 1},
  pages = {762–767},
}